<?xml version="1.0" encoding="UTF-8"?><record xmlns="http://www.loc.gov/MARC21/slim" xmlns:cinclude="http://apache.org/cocoon/include/1.0" xmlns:zs="http://www.loc.gov/zing/srw/">
  <leader>00505nz  a2200145n  4500</leader>
  <controlfield tag="001">no2014008319</controlfield>
  <controlfield tag="003">DLC</controlfield>
  <controlfield tag="005">20140123073537.0</controlfield>
  <controlfield tag="008">140122n| azannaabn          |n aaa     c</controlfield>
  <datafield tag="010" ind1=" " ind2=" ">
    <subfield code="a">no2014008319</subfield>
  </datafield>
  <datafield tag="035" ind1=" " ind2=" ">
    <subfield code="a">(OCoLC)oca09662556</subfield>
  </datafield>
  <datafield tag="040" ind1=" " ind2=" ">
    <subfield code="a">NjP</subfield>
    <subfield code="b">eng</subfield>
    <subfield code="e">rda</subfield>
    <subfield code="c">NjP</subfield>
  </datafield>
  <datafield tag="100" ind1="1" ind2=" ">
    <subfield code="a">Alberti, Leon Battista,</subfield>
    <subfield code="d">1404-1472.</subfield>
    <subfield code="t">Della pittura</subfield>
  </datafield>
  <datafield tag="377" ind1=" " ind2=" ">
    <subfield code="a">ita</subfield>
  </datafield>
  <datafield tag="670" ind1=" " ind2=" ">
    <subfield code="a">UĚber die Malkunst, 2002:</subfield>
    <subfield code="b">added t.p. (Della pittura) page 4 of cover (Alberti wrote his work in Italian and Latin; this is the Italian text of 1435/36)</subfield>
  </datafield>
</record>